@inproceedings{azizyan-2009,
 author = {Azizyan, Martin and Constandache, Ionut and Roy Choudhury, Romit},
 title = {SurroundSense: Mobile Phone Localization via Ambience Fingerprinting},
 booktitle = {Proceedings of the 15th Annual International Conference on Mobile Computing and Networking},
 series = {MobiCom '09},
 year = {2009},
 isbn = {978-1-60558-702-8},
 location = {Beijing, China},
 pages = {261--272},
 numpages = {12},
 url = {http://doi.acm.org/10.1145/1614320.1614350},
 doi = {10.1145/1614320.1614350},
 acmid = {1614350},
 publisher = {ACM},
 address = {New York, NY, USA},
 keywords = {context, fingerprinting, localization, mobile phones},
}

