@string{icra = {Proceedings of the IEEE International Conference on Robotics and
    Automation (ICRA)}}
@string{icra_abbrev = {Proc.\ IEEE Int'l Conf.\ on Robotics and
    Automation (ICRA)}}
@string{wafr = {Proceedings of the International Workshop on Algorithmic Foundations
    of Robotics (WAFR)}}
@string{wafr_abbrev = {Proc.\ Int'l Workshop on Algorithmic Foundations
    of Robotics (WAFR)}}
@string{iros = {Proceedings of the IEEE/RSJ International Conference on Intelligent Robots and Systems (IROS)}}
@string{iros_abbrev = {Proc. IEEE/RSJ Int'l Conf.\ on Intelligent Robots and Systems (IROS)}}
@string{iser = {Proceedings of the International Symposium on Experimental Robotics (ISER)}}
@string{iser_abbrev = {Proc.\ Int'l. Symp.\ on Experimental Robotics (ISER)}}
@string{cvprcs="Proceedings of the IEEE Computer Society Conference on Computer Vision and Pattern Recognition (CVPR)"}
@string{cvprcs_abbrev="Proc.\ IEEE Comp.\ Soc.\ Conf.\ on Computer Vision and Pattern Recognition (CVPR)"}
@string{cvpr="Proceedings of the IEEE Conference on Computer Vision and Pattern Recognition (CVPR)"}
@string{cvpr_abbrev="Proc.\ IEEE Conf.\ on Computer Vision and Pattern Recognition (CVPR)"}
@string{iccv="Proceedings of the International Conference on Computer Vision (ICCV)"}
@string{iccv_abbrev="Proc.\ Int'l.\ Conf.\ on Computer Vision (ICCV)"}
@string{ijcv="International Journal on Computer Vision"}
@string{ijcv_abbrev="Int'l J.\ on Computer Vision"}
@string{ijrr="International Journal of Robotics Research"}
@string{ijrr_abbrev="Int'l J.\ of Robotics Research"}
@string{isrr="International Symposium of Robotics Research (ISRR)"}
@string{isrr_abbrev="Int'l Symp.\ of Robotics Research (ISRR)"}
@string{jfr="Journal of Field Robotics"}
@string{jfr_abbrev="J.\ of Field Robotics"}
@string{hri="Proceedings of the ACM/IEEE International Conference on Human-Robot Interaction (HRI)"}
@string{hri_abbrev="Proc.\ ACM/IEEE Int'l. Conf.\ on Human-Robot Interaction (HRI)"}
@string{rss="Proceedings of Robotics: Science and Systems (RSS)"}
@string{rss_abbrev="Proc.\ Robotics: Science and Systems (RSS)"}
@string{aaai="Proceedings of the National Conference on Artificial Intelligence (AAAI)"}
@string{aaai_abbrev="Proc.\ Nat'l Conf.\ on Artificial Intelligence (AAAI)"}
@string{tro="Transactions on Robotics"}
@string{tro_abbrev="Trans.\ on Robotics"}
@string{uai="Proceedings of the Conference on Uncertainty in Artificial Intelligence (UAI)"}
@string{uai_abbrev="Proc.\ Conf.\ on Uncertainty in Artificial Intelligence (UAI)"}
@string{icml="Proceedings of the International Conference on Machine Learning (ICML)"}
@string{icml_abbrev="Proc.\ Int'l Conf.\ on Machine Learning (ICML)"}
@string{emnlp="Proceedings of the Conference on Empirical Methods in Natural Language Processing (EMNLP)"}
@string{emnlp_abbrev="Proc.\ Conf.\ on Empirical Methods in Natural Language Processing (EMNLP)"}
@string{hlt_emnlp="Proceedings of the Human Language Technology Conference and the Conference on Empirical Methods in Natural Language Processing (HLT/EMNLP)"}
@string{hlt_emnlp_abbrev="Proc.\ Human Language Technology Conf.\ and the Conf.\ on Empirical Methods in Natural Language Processing (HLT/EMNLP)"}
@string{tacl="Transactions of the Association for Computational Linguistics"}
@string{tacl_abbrev="Trans.\ Assoc.\ for Computational Linguistics"}
@string{acl="Proceedings of the Association for Computational Linguistics (ACL)"}
@string{acl_abbrev="Proc.\ Assoc.\ for Computational Linguistics (ACL)"}
@string{ijcai="Proceedings of the International Joint Conference on Artificial Intelligence (IJCAI)"}
@string{ijcai_abbrev="Proc.\ Int'l Joint Conf.\ on Artificial Intelligence (IJCAI)"}
@string{pami="IEEE Transactions on Pattern Analysis and Machine Intelligence"}
@string{pami_abbrev="IEEE Trans.\ on Pattern Analysis and Machine Intelligence"}
@string{nips="Advances in Neural Information Processing Systems (NIPS)"}
@string{naacl_hlt="Proceedings of the Conference of the North American Chapter of the Association for Computational Linguistics â€“ Human Language Technologies (NAACL HLT)"}
@string{naacl_hlt_abbrev="Proc.\ Conf.\ of the North American Chapter of the Assoc.\ for Computational Linguistics -- Human Language Technologies (NAACL HLT)"}
@string{naacl="Proceedings of the Conference of the North American Chapter of the Association for Computational Linguistics (NAACL)"}
@string{naacl_abbrev="Proc.\ Conf.\ of the North American Chapter of the Assoc.\ for Computational Linguistics (NAACL)"}
@string{icassp="Proceedings of the IEEE International Conference on Acoustics, Speech and Signal Processing (ICASSP)"}
@string{icassp_abbrev="Proc.\ IEEE Int'l Conf.\ on Acoustics, Speech and Signal Processing (ICASSP)"}


@inproceedings{paull2017duckietown,
  title={Duckietown: an open, inexpensive and flexible platform for autonomy education and research},
  author={Paull, Liam and Tani, Jacopo and Ahn, Heejin and Alonso-Mora, Javier and Carlone, Luca and Cap, Michal and Chen, Yu Fan and Choi, Changhyun and Dusek, Jeff and Fang, Yajun and others},
  booktitle={Robotics and Automation (ICRA), 2017 IEEE International Conference on},
  pages={1497--1504},
  year={2017},
  organization={IEEE}
}

@inproceedings{huang2010lcm,
  title={LCM: Lightweight communications and marshalling},
  author={Huang, Albert S and Olson, Edwin and Moore, David C},
  booktitle={Intelligent robots and systems (IROS), 2010 IEEE/RSJ international conference on},
  pages={4057--4062},
  year={2010},
  organization={IEEE}
}

@inproceedings{olson2011tags,
    TITLE      = {{AprilTag}: A robust and flexible visual fiducial system},
    AUTHOR     = {Edwin Olson},
    BOOKTITLE  = {Proceedings of the {IEEE} International Conference on Robotics and
                 Automation ({ICRA})},
    YEAR       = {2011},
    MONTH      = {May},
    PAGES      = {3400-3407},
    KEYWORDS   = {Robot navigation, SLAM, Visual Fiducial, ARToolkit},
    PUBLISHER  = {IEEE},
}